<record xmlns="http://www.loc.gov/MARC21/slim" xmlns:xsi="http://www.w3.org/2001/XMLSchema-instance" xsi:schemaLocation="http://www.loc.gov/MARC21/slim http://www.loc.gov/standards/marcxml/schema/MARC21slim.xsd"><leader>01192nam a2200253   4500</leader><controlfield tag="001">001845372</controlfield><controlfield tag="003">NNU</controlfield><controlfield tag="006">m        d        </controlfield><controlfield tag="007">cr cn |||m|||a</controlfield><controlfield tag="008">140707s1908    ua      o     000 0 ara d</controlfield><datafield ind1=" " ind2=" " tag="040"><subfield code="a">NNU</subfield><subfield code="b">eng</subfield><subfield code="c">NNU</subfield></datafield><datafield ind1="0" ind2=" " tag="100"><subfield code="a">Avicenna,</subfield><subfield code="d">980-1037.</subfield></datafield><datafield ind1="1" ind2="0" tag="240"><subfield code="a">Selections</subfield></datafield><datafield ind1="1" ind2="0" tag="245"><subfield code="a">Tis&#699; ras&#257;&#700;il f&#299; al-&#7717;ikmah wa-al-&#7789;ab&#299;&#699;&#299;y&#257;t wa-f&#299; &#257;kharah&#257; Qi&#7779;&#7779;at Sal&#257;m&#257;n wa-Abs&#257;l</subfield><subfield code="h">[electronic resource] /</subfield><subfield code="c">ta&#700;l&#299;f Ab&#299; &#699;Al&#299; al-&#7716;usayn ibn &#699;Abd All&#257;h Ibn S&#299;n&#257;.</subfield></datafield><datafield ind1=" " ind2=" " tag="250"><subfield code="a">al-&#7788;ab&#699;ah 1.</subfield></datafield><datafield ind1=" " ind2=" " tag="260"><subfield code="a">Mi&#7779;r :</subfield><subfield code="b">Ma&#7789;ba&#699;at Hind&#299;yah,</subfield><subfield code="c">1908.</subfield></datafield><datafield ind1=" " ind2=" " tag="300"><subfield code="a">online resource (5, 180 p.)</subfield></datafield><datafield ind1=" " ind2=" " tag="500"><subfield code="a">Part of the Arabic Collections Online (ACO) project, contributed by New York Univeristy Libraries.</subfield></datafield><datafield ind1=" " ind2=" " tag="533"><subfield code="a">Electronic reproduction.</subfield><subfield code="b">New York, N.Y. :</subfield><subfield code="c">New York University,</subfield><subfield code="d">2014.</subfield><subfield code="5">NNU</subfield></datafield><datafield ind1="2" ind2=" " tag="710"><subfield code="a">New York University.</subfield><subfield code="b">Libraries.</subfield></datafield><datafield ind1="0" ind2=" " tag="730"><subfield code="a">Arabic Collections Online.</subfield></datafield><datafield ind1="0" ind2="8" tag="776"><subfield code="i">Print version:</subfield><subfield code="a">Avicenna, 980-1037.</subfield><subfield code="t">Tis&#699; ras&#257;&#700;il f&#299; al-&#7717;ikmah wa-al-&#7789;ab&#299;&#699;&#299;y&#257;t wa-f&#299; &#257;kharah&#257; Qi&#7779;&#7779;at Sal&#257;m&#257;n wa-Abs&#257;l</subfield><subfield code="w">(NNU)001845372</subfield></datafield><datafield ind1="4" ind2="0" tag="856"><subfield code="u">http://hdl.handle.net/2333.1/nzs7h5z9</subfield></datafield><datafield ind1=" " ind2=" " tag="959"><subfield code="a">NNU</subfield><subfield code="b">WEB</subfield><subfield code="c">GENI</subfield><subfield code="t">0</subfield><subfield code="m">Electronic access</subfield><subfield code="s">01</subfield></datafield></record>